<record><leader>00000cas a22000007a 4500</leader><controlfield tag="001">16160241</controlfield><controlfield tag="008">870710d19461966iauwr ne      0    0eng d</controlfield><datafield ind1=" " ind2=" " tag="010"><subfield code="a">sn 87057588 </subfield></datafield><datafield ind1=" " ind2=" " tag="040"><subfield code="a">INP</subfield><subfield code="b">eng</subfield><subfield code="c">INP</subfield><subfield code="d">OCLCQ</subfield></datafield><datafield ind1=" " ind2=" " tag="042"><subfield code="a">msc</subfield></datafield><datafield ind1="0" ind2="4" tag="245"><subfield code="a">The Hawarden independent with which is consolidated the Hawarden chronicle.</subfield></datafield><datafield ind1=" " ind2=" " tag="260"><subfield code="a">Hawarden, Sioux County, Iowa :</subfield><subfield code="b">R.T. Gebbie,</subfield><subfield code="c">1946-1966.</subfield></datafield><datafield ind1=" " ind2=" " tag="300"><subfield code="a">19 v.</subfield></datafield><datafield ind1=" " ind2=" " tag="310"><subfield code="a">Weekly</subfield></datafield><datafield ind1="0" ind2=" " tag="362"><subfield code="a">Vol. 69, no. 35 (Oct. 10, 1946)-v. 87, no. 35 (Sept. 1, 1966).</subfield></datafield><datafield ind1=" " ind2=" " tag="752"><subfield code="a">United States</subfield><subfield code="b">Iowa</subfield><subfield code="c">Sioux</subfield><subfield code="d">Hawarden.</subfield></datafield><datafield ind1="0" ind2="4" tag="780"><subfield code="t">Hawarden independent (Hawarden, Iowa : 1887)</subfield><subfield code="w">(DLC)sn 87057587</subfield></datafield><datafield ind1="0" ind2="4" tag="780"><subfield code="t">Hawarden chronicle</subfield></datafield><datafield ind1="0" ind2="0" tag="785"><subfield code="t">Hawarden independent (Hawarden, Iowa : 1966)</subfield><subfield code="w">(DLC)sn 87057589</subfield></datafield></record>